<?xml version="1.0" encoding="UTF-8"?><record xmlns="http://www.loc.gov/MARC21/slim" xmlns:cinclude="http://apache.org/cocoon/include/1.0" xmlns:zs="http://www.loc.gov/zing/srw/">
  <leader>00593cz  a2200145n  4500</leader>
  <controlfield tag="001">n  96039349 </controlfield>
  <controlfield tag="003">DLC</controlfield>
  <controlfield tag="005">20000308091726.0</controlfield>
  <controlfield tag="008">960422n| acannaab           |n aaa      </controlfield>
  <datafield tag="010" ind1=" " ind2=" ">
    <subfield code="a">n  96039349 </subfield>
  </datafield>
  <datafield tag="040" ind1=" " ind2=" ">
    <subfield code="a">DLC</subfield>
    <subfield code="c">DLC</subfield>
    <subfield code="d">DLC</subfield>
  </datafield>
  <datafield tag="100" ind1="1" ind2="0">
    <subfield code="a">Shivakumar, P. N.</subfield>
  </datafield>
  <datafield tag="670" ind1=" " ind2=" ">
    <subfield code="a">Recent developments in operator theory ... 1996:</subfield>
    <subfield code="b">CIP t.p. (P.N. Shivakumar) t.p. verso (Dept. of Appl. Math. &amp; Inst. of Industrial Mathematical Sciences, Univ. of Manitoba, Winnipeg, Man.)</subfield>
  </datafield>
  <datafield tag="670" ind1=" " ind2=" ">
    <subfield code="a">Operator theory and its applications, 2000:</subfield>
    <subfield code="b">CIP t.p. (P.N. Shivakumar) data sht. (b. Apr. 9, 1935)</subfield>
  </datafield>
  <datafield tag="675" ind1=" " ind2=" ">
    <subfield code="a">NLC, 5/31/95</subfield>
  </datafield>
</record>